Quarter,Revenue,Expenses,Net Income,Active Users,New Customers,Churn Rate,NPS Score,API Calls (M),Support Tickets
Q1 2024,2450000,1890000,560000,8500,320,2.1%,42,45.2,890
Q2 2024,2780000,2010000,770000,9800,410,1.9%,45,52.8,920
Q3 2024,3150000,2250000,900000,11200,520,1.7%,48,61.4,850
Q4 2024,3620000,2480000,1140000,13100,680,1.5%,52,72.1,780
Q1 2025,4100000,2720000,1380000,14500,750,1.4%,54,85.3,820
Q2 2025,4580000,2980000,1600000,15800,820,1.3%,56,98.7,760
Q3 2025,5200000,3350000,1850000,17200,910,1.2%,58,112.4,710
Q4 2025 (Est.),5850000,3680000,2170000,19000,1050,1.1%,62,128.5,680
